@MANUAL{css,
    title = "Cascading Style Sheets",
    organization = "WWW Consorcium",
    url = "<http://www.w3.org/Style/CSS/Overview.en.htm>",
    note = "[cit. 2013-03-24]",
    howpublished = "[online]",
    key = "css"
}
@MANUAL{mq,
    title = "Media Queries",
    organization = "WWW Consorcium",
    url = "<http://www.w3.org/TR/css3-mediaqueries/>",
    note = "[cit. 2013-03-24]",
    howpublished = "[online]",
    key = "media queries"
}


@MANUAL{fram,
    title = "Definition: CSS Framework",
    organization = "IAC/InterActiveCorp",
    url = "<http://webdesign.about.com/od/cssglossary/g/css_framework.htm>",
    note = "[cit. 2013-03-24]",
    howpublished = "[online]",
    key = "framework"
}

@MANUAL{wcag,
    title = "Web Content Accessibility Guidelines (WCAG) 2.0",
    organization = "WWW Consorcium",
    url = "<http://www.w3.org/TR/WCAG20/>",
    note = "[cit. 2013-05-15]",
    howpublished = "[online]",
    key = "wcag"
}

@BOOK{res,
    title = "Responsive Web Design",
    author = "Ethan Marcotte",
    note = "[cit. 2013-03-24]",
    publisher = "Jeffrey Zeldman",
    isbn = "978-0-9844425-7-7",
    year = "2011",
    key = "responsive"
}

@ARTICLE {fix,
	title = "Fixed vs. Fluid vs. Elastic Layout: What’s The Right One For You?",
    author = "Kayla Knight",
    url = "<http://coding.smashingmagazine.com/2009/06/02/fixed-vs-fluid-vs-elastic-layout-whats-the-right-one-for-you/>",
    note = "[cit. 2013-03-24]",
    howpublished = "[online]",
    year = "2009",
    key = "fixed"
}

@ARTICLE {adapt,
	title = "Adaptive CSS-Layouts: New Era In Fluid Layouts?",
    author = "Kayla Knight",
    url = "<http://coding.smashingmagazine.com/2009/06/09/smart-fixes-for-fluid-layouts/>",
    note = "[cit. 2013-03-24]",
    howpublished = "[online]",
    year = "2009",
    key = "adapt"
}
@ARTICLE {dev,
	title = "Study: 69 Percent Access The Mobile Internet Daily",
    author = "Greg Sterling",
    url = "<http://marketingland.com/study-69-percent-access-the-mobile-internet-daily-4371>",
    note = "[cit. 2013-04-22]"
    howpublished = "[online]",
}
@ARTICLE {dev2,
	title = "Mobile now accounts for 10% of Internet usage worldwide, double that of 2010: report",
    author = "Jon Russell",
    url = "<http://thenextweb.com/mobile/2012/05/09/mobile-now-accounts-for-10-of-internet-usage-worldwide-double-that-of-2010-report/>",
    note = "[cit. 2013-04-28]",
    howpublished = "[online]"
}
@ARTICLE {mqsup,
	title = "How many web browsers support responsive design?",
    author = "Gabe Sumner",
    url = "<http://gabesumner.com/how-many-web-browsers-support-responsive-design>",
    note = "[cit. 2013-04-12]",
    howpublished = "[online]"
}

@ARTICLE {bas,
	title = "CSS Baseline: The Good, The Bad And The Ugly",
    author = "Espen Brunborg",
    url = "<http://coding.smashingmagazine.com/2012/12/17/css-baseline-the-good-the-bad-and-the-ugly/>",
    note = "[cit. 2013-05-02]",
    year = "2012"
    howpublished = "[online]"
}
@ARTICLE {bas2,
	title = "Setting Type on the Web to a Baseline Grid",
    author = "Wilson Miner",
    url = "<http://alistapart.com/article/settingtypeontheweb>",
    note = "[cit. 2013-05-10]",
    year = "2007"
    howpublished = "[online]"
}


@MANUAL {yaml,
	title = "YAML CSS framework",
    author = "Dirk Jesse",
    url = "<http://www.yaml.de/>",
    howpublished = "[online]"
}
@MANUAL {boot,
	title = "Bootstrap",
    author = "Mark Otto and Fatrick Chewing",
    url = "<http://twitter.github.io/bootstrap/>",
    year = "2012",
    howpublished = "[online]"
}

@MANUAL {bs,
	title = "Baseline - a designer framework by Stephanecurzi.me",
    author = "Stéphane Curzi",
    url = "<http://baselinecss.com/>",
    year = "2011",
    howpublished = "[online]"
}

@MANUAL {gs,
	title = "960 Grid System",
    author = "Nathan Smith",
    url = "<http://960.gs/>",
    howpublished = "[online]"
}

@MANUAL {sass,
	title = "Syntactically Awesome Stylesheets",
    author = "Hampton Catlin and Nathan Weizenbaum and Chris Eppstein",
    url = "<http://sass-lang.com/>",
    howpublished = "[online]"
    year = "2006"
}
@MANUAL {less,
	title = "The Dynamic Stylesheet language",
    author = "Alexis Sellier",
    url = "<http://lesscss.org/>",
    howpublished = "[online]"
    year = "2010",
}
@MANUAL {stylus,
	title = "Stylus",
    author = "Nathan Smith",
    url = "<http://learnboost.github.io/stylus/>",
    howpublished = "[online]"
}
@MANUAL {ven,
	title = "Vlastní Latte makra (macros)",
    author = "Josef Kříž",
    url = "<https://github.com/Venne/venne-docs/blob/master/framework/macros.md>",
    howpublished = "[online]",
    year = "2013"
}
